ISA*00*          *00*          *ZZ*330897513      *ZZ*DENISTEASLEY   *200125*0550*^*00501*694371631*0*P*:~GS*HP*330897513*DENISTEASLEY*20200125*0550*694371631*X*005010X221A1~ST*835*0001~BPR*H*0*C*NON************20200128~TRN*1*305674342*1571062326~REF*EV*SC10002123~DTM*405*20200124~N1*PR*PALMETTO GBA~N3*PO BOX 100190~N4*COLUMBIA*SC*292023190~REF*2U*11202~PER*CX*PALMETTO GBA*TE*8556960705~PER*BL**TE*8667494301~N1*PE*NEW HOPE INTEGRATIVE MEDICIN*XX*1972021483~N3*STE B*775 SAINT JAMES AVE~N4*GOOSE CREEK*SC*294452836~REF*TJ*822030801~LX*1~CLP*41_10075*1*200*0**MB*0220023232572*11*1~NM1*QC*1*MORRIS*WILLIAM*G***MI*3R36P78RT75~NM1*82*1******XX*1689787483~MOA***MA15~DTM*050*20200123~SVC*HC:99214:50*200*0~DTM*472*20200115~CAS*CO*4*200~REF*LU*11~REF*6R*753266748L748394660~LQ*HE*MA130~SE*28*0001~ST*835*0002~BPR*I*12.35*C*ACH*CCP*01*031100209*DA*00000000038881595*1571062326**01*053201607*DA*0005223565095*20200128~TRN*1*885431595*1571062326~REF*EV*SC10002123~DTM*405*20200124~N1*PR*PALMETTO GBA~N3*PO BOX 100190~N4*COLUMBIA*SC*292023190~REF*2U*11202~PER*CX*PALMETTO GBA*TE*8556960705~PER*BL**TE*8667494301~N1*PE*NEW HOPE INTEGRATIVE MEDICIN*XX*1972021483~N3*STE B*775 SAINT JAMES AVE~N4*GOOSE CREEK*SC*294452836~REF*TJ*822030801~LX*1~CLP*2112055782*1*235*12.35*157.46*MB*0220014053750*11*1~NM1*QC*1*HIGH*SEAN****MI*8WQ5WJ3RW60~NM1*82*1******XX*1689787483~MOA***MA01~DTM*050*20200114~SVC*HC:99204:25*220*0~DTM*472*20200109~CAS*CO*45*62.54~CAS*PR*1*157.46~REF*LU*11~REF*6R*752302477L745880727~AMT*B6*157.46~SVC*HC:80305:QW*15*12.35~DTM*472*20200109~CAS*CO*45*2.4**253*.25~REF*LU*11~REF*6R*752302477L745880728~AMT*B6*12.6~SE*35*0002~GE*2*694371631~IEA*1*694371631~